<?xml version="1.0" encoding="UTF-8"?>
<record xmlns="http://www.loc.gov/MARC21/slim" xmlns:xsi="http://www.w3.org/2001/XMLSchema-instance" xsi:schemaLocation="http://www.loc.gov/MARC21/slim http://www.loc.gov/standards/marcxml/schema/MARC21slim.xsd">
<leader>00000cam a22      a 4500</leader>
<controlfield tag="001">001701317</controlfield>
<controlfield tag="003">NNU</controlfield>
<controlfield tag="005">20141224193849.0</controlfield>
<controlfield tag="008">961108s1933    le       bm   001 0 ara d</controlfield>
<datafield tag="035" ind1=" " ind2=" ">
<subfield code="a">(OCoLC)54306620</subfield>
</datafield>
<datafield tag="040" ind1=" " ind2=" ">
<subfield code="a">YUS</subfield>
<subfield code="c">YUS</subfield>
<subfield code="d">OCLCQ</subfield>
<subfield code="d">LGG</subfield>
<subfield code="d">CGU</subfield>
<subfield code="d">OCLCF</subfield>
<subfield code="d">OCLCO</subfield>
<subfield code="d">NNU</subfield>
</datafield>
<datafield tag="041" ind1="0" ind2=" ">
<subfield code="a">araeng</subfield>
</datafield>
<datafield tag="050" ind1=" " ind2="4">
<subfield code="a">PJ7745.II5</subfield>
<subfield code="b">.Z75 1933</subfield>
</datafield>
<datafield tag="100" ind1="1" ind2=" ">
<subfield code="a">Jabbūr, Jibrāʼīl Sulaymān</subfield>
<subfield code="6">880-01</subfield>
</datafield>
<datafield tag="245" ind1="1" ind2="0">
<subfield code="6">880-02</subfield>
<subfield code="a">Ibn ʻAbd Rabbih wa-ʻIqduh /</subfield>
<subfield code="c">bi-qalam Jibrāʼīl Sulaymān Jabbūr.</subfield>
</datafield>
<datafield tag="246" ind1="1" ind2="5">
<subfield code="a">Ibn ʻAbd Rabbihi and his ʻiqd</subfield>
</datafield>
<datafield tag="260" ind1=" " ind2=" ">
<subfield code="6">880-03</subfield>
<subfield code="a">Bayrūt :</subfield>
<subfield code="b">al-Maṭbaʻah al-Kāthūlīkīyah,</subfield>
<subfield code="c">1933.</subfield>
</datafield>
<datafield tag="300" ind1=" " ind2=" ">
<subfield code="a">164 p. ;</subfield>
<subfield code="c">24 cm.</subfield>
</datafield>
<datafield tag="500" ind1=" " ind2=" ">
<subfield code="6">880-04</subfield>
<subfield code="a">"Wa-hiya risālah quddimat ilá Dāʼirat al-Durūs al-ʻArabīyah fī Kullīyat al-ʻUlūm wa-al-Ādāb bi-Jāmiʻat Bayrūt al-Amīrikīyah li-nayl shihādat ustādh fī al-ʻulūm."</subfield>
</datafield>
<datafield tag="502" ind1=" " ind2=" ">
<subfield code="a">Thesis (M.A.)--American University of Beirut, 1933.</subfield>
</datafield>
<datafield tag="504" ind1=" " ind2=" ">
<subfield code="a">Includes bibliographical references and indexes.</subfield>
</datafield>
<datafield tag="546" ind1=" " ind2=" ">
<subfield code="a">Foreword in English.</subfield>
</datafield>
<datafield tag="600" ind1="1" ind2="0">
<subfield code="a">Ibn ʻAbd Rabbih, Aḥmad ibn Muḥammad,</subfield>
<subfield code="d">860-940.</subfield>
<subfield code="t">ʻIqd al-farīd.</subfield>
</datafield>
<datafield tag="650" ind1=" " ind2="0">
<subfield code="a">Arabic literature</subfield>
<subfield code="x">History and criticism.</subfield>
</datafield>
<datafield tag="630" ind1="0" ind2="7">
<subfield code="a">ʻIqd al-farīd (Ibn ʻAbd Rabbih, Aḥmad ibn Muḥammad)</subfield>
<subfield code="2">fast</subfield>
<subfield code="0">(OCoLC)fst01367365</subfield>
</datafield>
<datafield tag="650" ind1=" " ind2="7">
<subfield code="a">Arabic literature.</subfield>
<subfield code="2">fast</subfield>
<subfield code="0">(OCoLC)fst00812478</subfield>
</datafield>
<datafield tag="655" ind1=" " ind2="7">
<subfield code="a">Criticism, interpretation, etc.</subfield>
<subfield code="2">fast</subfield>
<subfield code="0">(OCoLC)fst01411635</subfield>
</datafield>
<datafield tag="880" ind1="1" ind2=" ">
<subfield code="6">100-01/</subfield>
<subfield code="a">جبور، جبائيل سليمان.</subfield>
</datafield>
<datafield tag="880" ind1="1" ind2="0">
<subfield code="6">245-02/</subfield>
<subfield code="a">ابن عبد ربه وعقده /</subfield>
<subfield code="c">بقلم جبرائيل سليمان جبور.</subfield>
</datafield>
<datafield tag="880" ind1=" " ind2=" ">
<subfield code="6">260-03/</subfield>
<subfield code="a">بيروت :</subfield>
<subfield code="b">المطبعة الكاثوليكية،</subfield>
<subfield code="c">1933.</subfield>
</datafield>
<datafield tag="880" ind1=" " ind2=" ">
<subfield code="6">500-04/</subfield>
<subfield code="a">"وهي رسالة قدمة الى دائرة الدروس العربية في كلية العلوم والآداب بجامعة بيروت الاميركية لنيل شهادة استاذ في العلوم."</subfield>
</datafield>
<datafield tag="OWN" ind1=" " ind2=" ">
<subfield code="a">GENERAL</subfield>
</datafield>
<datafield tag="AVA" ind1=" " ind2=" ">
<subfield code="a">NYU50</subfield>
<subfield code="b">BOBST</subfield>
<subfield code="c">Main Collection</subfield>
<subfield code="d">PJ7745.I15 I53 1933</subfield>
<subfield code="e">unavailable</subfield>
<subfield code="t">Unavailable</subfield>
<subfield code="f">1</subfield>
<subfield code="g">1</subfield>
<subfield code="h">N</subfield>
<subfield code="i">0</subfield>
<subfield code="j">MAIN</subfield>
<subfield code="k">0</subfield>
</datafield>
</record>
